<?xml version="1.0" encoding="UTF-8"?><record xmlns="http://www.loc.gov/MARC21/slim" xmlns:cinclude="http://apache.org/cocoon/include/1.0" xmlns:zs="http://www.loc.gov/zing/srw/">
  <leader>00466nz  a2200145n  4500</leader>
  <controlfield tag="001">no2004012921</controlfield>
  <controlfield tag="003">DLC</controlfield>
  <controlfield tag="005">20040212053017.0</controlfield>
  <controlfield tag="008">040211n| acannaab           |a ana     c</controlfield>
  <datafield tag="010" ind1=" " ind2=" ">
    <subfield code="a">no2004012921</subfield>
  </datafield>
  <datafield tag="035" ind1=" " ind2=" ">
    <subfield code="a">(OCoLC)oca06269011</subfield>
  </datafield>
  <datafield tag="040" ind1=" " ind2=" ">
    <subfield code="a">NjP</subfield>
    <subfield code="b">eng</subfield>
    <subfield code="c">NjP</subfield>
  </datafield>
  <datafield tag="110" ind1="2" ind2=" ">
    <subfield code="a">Clinica oculistica di Siena</subfield>
  </datafield>
  <datafield tag="410" ind1="2" ind2=" ">
    <subfield code="a">Clinica oculistica senese</subfield>
  </datafield>
  <datafield tag="670" ind1=" " ind2=" ">
    <subfield code="a">La collezione degli strumenti di oculistica, 2000:</subfield>
    <subfield code="b">p. 19, etc. (Clinica oculistica di Siena; Clinica oculistica senese)</subfield>
  </datafield>
</record>